
@online{zensus2011:alter,
	author = {{Statistisches Bundesamt}},
	date = {2011-03},
 	title = {Zensus2011 - Personen nach Alter f√ºr Deutschland},
 	url = {https://ergebnisse.zensus2011.de/#dynTable:statUnit=PERSON;absRel=ANZAHL;ags=00;agsAxis=X;yAxis=ALTER_KURZ}
}